@misc{rfc1035,
  author = {P. Mockapetris},
  title = {DOMAIN NAMES - IMPLEMENTATION AND SPECIFICATION},
  year = {1987},
  url = {https://datatracker.ietf.org/doc/html/rfc1035}
}

@misc{package-network-socket,
  author       = {libraries@haskell.org},
  title        = {network},
  year         = {2001},
  url          = {https://hackage.haskell.org/package/network},
}

@misc{package-get-opt,
  author       = {libraries@haskell.org},
  title        = {System.Console.GetOpt},
  year         = {2002},
  url          = {https://hackage.haskell.org/package/base-4.16.0.0/docs/System-Console-GetOpt.html},
}

@misc{package-yaml,
  author       = {Michael Snoyman, Anton Ageev, Kirill Simonov},
  title        = {yaml},
  year         = {2009},
  url          = {https://hackage.haskell.org/package/yaml},
}

@misc{package-co-log,
  author       = {snoyberg},
  title        = {co-log},
  year         = {2018},
  url          = {https://hackage.haskell.org/package/co-log},
}

@misc{package-hspec,
  author       = {Simon Hengel},
  title        = {hspec},
  year         = {2011},
  url          = {https://hackage.haskell.org/package/hspec},
}

@misc{package-zipper,
  author       = {},
  title        = {Zipper},
  year         = {},
  url          = {https://wiki.haskell.org/Zipper},
}